<record><leader>00000cas a2200000 a 4500</leader><controlfield tag="001">18422231</controlfield><controlfield tag="008">880829d18761881lauwr ne      0    0eng d</controlfield><datafield ind1=" " ind2=" " tag="010"><subfield code="a">sn 88064444 </subfield></datafield><datafield ind1=" " ind2=" " tag="040"><subfield code="a">LNP</subfield><subfield code="b">eng</subfield><subfield code="c">LNP</subfield><subfield code="d">KNP</subfield><subfield code="d">LNP</subfield><subfield code="d">KNP</subfield><subfield code="d">OCL</subfield><subfield code="d">OCLCQ</subfield><subfield code="d">LNP</subfield><subfield code="d">OCLCQ</subfield></datafield><datafield ind1=" " ind2=" " tag="042"><subfield code="a">msc</subfield></datafield><datafield ind1="0" ind2="4" tag="245"><subfield code="a">The New Orleans weekly Democrat.</subfield></datafield><datafield ind1=" " ind2=" " tag="260"><subfield code="a">New Orleans [La.] :</subfield><subfield code="b">George W. Dupre, and Co.</subfield></datafield><datafield ind1=" " ind2=" " tag="300"><subfield code="a">v. ;</subfield><subfield code="c">56 cm.</subfield></datafield><datafield ind1=" " ind2=" " tag="310"><subfield code="a">Weekly</subfield></datafield><datafield ind1="1" ind2=" " tag="362"><subfield code="a">Began in 1876?</subfield></datafield><datafield ind1="0" ind2=" " tag="362"><subfield code="a">-Dec. 3, 1881.</subfield></datafield><datafield ind1=" " ind2=" " tag="580"><subfield code="a">Daily eds.: New Orleans Democrat (New Orleans, La. : 1875); New Orleans evening Democrat; New Orleans daily Democrat; New Orleans Democrat (New Orleans, La. : 1880).</subfield></datafield><datafield ind1=" " ind2=" " tag="588"><subfield code="a">Description based on: Vol. 2, no. 1 (Feb. 17, 1877).</subfield></datafield><datafield ind1=" " ind2="4" tag="651"><subfield code="a">New Orleans (La.)</subfield><subfield code="v">Newspapers.</subfield></datafield><datafield ind1=" " ind2=" " tag="752"><subfield code="a">United States</subfield><subfield code="b">Louisiana</subfield><subfield code="c">Orleans</subfield><subfield code="d">New Orleans.</subfield></datafield><datafield ind1="1" ind2=" " tag="775"><subfield code="t">New Orleans Democrat (New Orleans, La. : 1875)</subfield><subfield code="w">(DLC)sn 88064616</subfield></datafield><datafield ind1="1" ind2=" " tag="775"><subfield code="t">New Orleans evening Democrat</subfield><subfield code="w">(DLC)sn 88064615</subfield></datafield><datafield ind1="1" ind2=" " tag="775"><subfield code="t">New Orleans daily Democrat</subfield><subfield code="w">(DLC)sn 83026413</subfield></datafield><datafield ind1="1" ind2=" " tag="775"><subfield code="t">New Orleans Democrat (New Orleans, La. : 1880)</subfield><subfield code="w">(DLC)sn 88064443</subfield></datafield><datafield ind1="0" ind2="7" tag="785"><subfield code="t">New-Orleans weekly times (New Orleans, La. : 1863)</subfield><subfield code="w">(DLC)sn 85054536</subfield></datafield><datafield ind1="0" ind2="7" tag="785"><subfield code="t">Weekly times-Democrat (New Orleans, La. : 1881)</subfield><subfield code="w">(DLC)sn 87060164</subfield></datafield><datafield ind1="1" ind2=" " tag="029"><subfield code="a">AU@</subfield><subfield code="b">000020516154</subfield></datafield></record>